%YAML 1.1
%TAG !u! tag:unity3d.com,2011:
--- !u!1001 &5499118486849467404
PrefabInstance:
  m_ObjectHideFlags: 0
  serializedVersion: 2
  m_Modification:
    serializedVersion: 3
    m_TransformParent: {fileID: 0}
    m_Modifications:
    - target: {fileID: -8679921383154817045, guid: 12db995ec882e7e4882736e7481a04a3, type: 3}
      propertyPath: m_LocalPosition.x
      value: 27.601099
      objectReference: {fileID: 0}
    - target: {fileID: -8679921383154817045, guid: 12db995ec882e7e4882736e7481a04a3, type: 3}
      propertyPath: m_LocalPosition.y
      value: 3.6645808
      objectReference: {fileID: 0}
    - target: {fileID: -8679921383154817045, guid: 12db995ec882e7e4882736e7481a04a3, type: 3}
      propertyPath: m_LocalPosition.z
      value: -1.5874914
      objectReference: {fileID: 0}
    - target: {fileID: -8679921383154817045, guid: 12db995ec882e7e4882736e7481a04a3, type: 3}
      propertyPath: m_LocalRotation.w
      value: 0.00000043213362
      objectReference: {fileID: 0}
    - target: {fileID: -8679921383154817045, guid: 12db995ec882e7e4882736e7481a04a3, type: 3}
      propertyPath: m_LocalRotation.x
      value: -0
      objectReference: {fileID: 0}
    - target: {fileID: -8679921383154817045, guid: 12db995ec882e7e4882736e7481a04a3, type: 3}
      propertyPath: m_LocalRotation.y
      value: 1
      objectReference: {fileID: 0}
    - target: {fileID: -8679921383154817045, guid: 12db995ec882e7e4882736e7481a04a3, type: 3}
      propertyPath: m_LocalRotation.z
      value: -0
      objectReference: {fileID: 0}
    - target: {fileID: -8679921383154817045, guid: 12db995ec882e7e4882736e7481a04a3, type: 3}
      propertyPath: m_LocalEulerAnglesHint.x
      value: 0
      objectReference: {fileID: 0}
    - target: {fileID: -8679921383154817045, guid: 12db995ec882e7e4882736e7481a04a3, type: 3}
      propertyPath: m_LocalEulerAnglesHint.y
      value: 180
      objectReference: {fileID: 0}
    - target: {fileID: -8679921383154817045, guid: 12db995ec882e7e4882736e7481a04a3, type: 3}
      propertyPath: m_LocalEulerAnglesHint.z
      value: 0
      objectReference: {fileID: 0}
    - target: {fileID: -6726615986570039458, guid: 12db995ec882e7e4882736e7481a04a3, type: 3}
      propertyPath: m_Materials.Array.data[0]
      value: 
      objectReference: {fileID: 2100000, guid: 395cbb56c79905c46b44fbdbbb91221f, type: 2}
    - target: {fileID: 18996851322076374, guid: 12db995ec882e7e4882736e7481a04a3, type: 3}
      propertyPath: m_Materials.Array.data[0]
      value: 
      objectReference: {fileID: 2100000, guid: 395cbb56c79905c46b44fbdbbb91221f, type: 2}
    - target: {fileID: 919132149155446097, guid: 12db995ec882e7e4882736e7481a04a3, type: 3}
      propertyPath: m_Name
      value: Fab Quill
      objectReference: {fileID: 0}
    m_RemovedComponents: []
    m_RemovedGameObjects: []
    m_AddedGameObjects: []
    m_AddedComponents:
    - targetCorrespondingSourceObject: {fileID: 919132149155446097, guid: 12db995ec882e7e4882736e7481a04a3, type: 3}
      insertIndex: -1
      addedObject: {fileID: 5831835920811335067}
    - targetCorrespondingSourceObject: {fileID: 919132149155446097, guid: 12db995ec882e7e4882736e7481a04a3, type: 3}
      insertIndex: -1
      addedObject: {fileID: 5915323044810034450}
    - targetCorrespondingSourceObject: {fileID: 190473969821311646, guid: 12db995ec882e7e4882736e7481a04a3, type: 3}
      insertIndex: -1
      addedObject: {fileID: 6722186021269923207}
    - targetCorrespondingSourceObject: {fileID: 190473969821311646, guid: 12db995ec882e7e4882736e7481a04a3, type: 3}
      insertIndex: -1
      addedObject: {fileID: 6297137085906755042}
  m_SourcePrefab: {fileID: 100100000, guid: 12db995ec882e7e4882736e7481a04a3, type: 3}
--- !u!1 &4652679046935546205 stripped
GameObject:
  m_CorrespondingSourceObject: {fileID: 919132149155446097, guid: 12db995ec882e7e4882736e7481a04a3, type: 3}
  m_PrefabInstance: {fileID: 5499118486849467404}
  m_PrefabAsset: {fileID: 0}
--- !u!114 &5831835920811335067
MonoBehaviour:
  m_ObjectHideFlags: 0
  m_CorrespondingSourceObject: {fileID: 0}
  m_PrefabInstance: {fileID: 0}
  m_PrefabAsset: {fileID: 0}
  m_GameObject: {fileID: 4652679046935546205}
  m_Enabled: 1
  m_EditorHideFlags: 0
  m_Script: {fileID: 11500000, guid: b25d03bcf9a63614daba43bb9aba7c1e, type: 3}
  m_Name: 
  m_EditorClassIdentifier: 
--- !u!65 &5915323044810034450
BoxCollider:
  m_ObjectHideFlags: 0
  m_CorrespondingSourceObject: {fileID: 0}
  m_PrefabInstance: {fileID: 0}
  m_PrefabAsset: {fileID: 0}
  m_GameObject: {fileID: 4652679046935546205}
  m_Material: {fileID: 0}
  m_IncludeLayers:
    serializedVersion: 2
    m_Bits: 0
  m_ExcludeLayers:
    serializedVersion: 2
    m_Bits: 0
  m_LayerOverridePriority: 0
  m_IsTrigger: 0
  m_ProvidesContacts: 0
  m_Enabled: 1
  serializedVersion: 3
  m_Size: {x: 0.18, y: 0.28, z: 0.12}
  m_Center: {x: 0, y: 0.17, z: 0}
--- !u!1 &5689304377573660306 stripped
GameObject:
  m_CorrespondingSourceObject: {fileID: 190473969821311646, guid: 12db995ec882e7e4882736e7481a04a3, type: 3}
  m_PrefabInstance: {fileID: 5499118486849467404}
  m_PrefabAsset: {fileID: 0}
--- !u!65 &6722186021269923207
BoxCollider:
  m_ObjectHideFlags: 0
  m_CorrespondingSourceObject: {fileID: 0}
  m_PrefabInstance: {fileID: 0}
  m_PrefabAsset: {fileID: 0}
  m_GameObject: {fileID: 5689304377573660306}
  m_Material: {fileID: 0}
  m_IncludeLayers:
    serializedVersion: 2
    m_Bits: 0
  m_ExcludeLayers:
    serializedVersion: 2
    m_Bits: 0
  m_LayerOverridePriority: 0
  m_IsTrigger: 0
  m_ProvidesContacts: 0
  m_Enabled: 1
  serializedVersion: 3
  m_Size: {x: 0.010845262, y: 0.011348219, z: 0.010845262}
  m_Center: {x: 0, y: 0.0010470157, z: 0}
--- !u!114 &6297137085906755042
MonoBehaviour:
  m_ObjectHideFlags: 0
  m_CorrespondingSourceObject: {fileID: 0}
  m_PrefabInstance: {fileID: 0}
  m_PrefabAsset: {fileID: 0}
  m_GameObject: {fileID: 5689304377573660306}
  m_Enabled: 1
  m_EditorHideFlags: 0
  m_Script: {fileID: 11500000, guid: b25d03bcf9a63614daba43bb9aba7c1e, type: 3}
  m_Name: 
  m_EditorClassIdentifier: 
